@incollection{ BKK,
year={2009},
isbn={978-3-642-10630-9},
booktitle={Algorithms and Computation},
volume={5878},
series={Lecture Notes in Computer Science},
editor={Dong, Yingfei and Du, Ding-Zhu and Ibarra, Oscar},
doi={10.1007/978-3-642-10631-6_35},
title={On the Advice Complexity of Online Problems},
url={http://dx.doi.org/10.1007/978-3-642-10631-6_35},
publisher={Springer Berlin Heidelberg},
author={Böckenhauer, Hans-Joachim and Komm, Dennis and Královič, Rastislav and Královič, Richard and Mömke, Tobias},
pages={331-340}
}

@article{Sleator,
 author = {Sleator, Daniel D. and Tarjan, Robert E.},
 title = {Amortized Efficiency of List Update and Paging Rules},
 journal = {Commun. ACM},
 issue_date = {Feb. 1985},
 volume = {28},
 number = {2},
 month = feb,
 year = {1985},
 issn = {0001-0782},
 pages = {202--208},
 numpages = {7},
 url = {http://doi.acm.org/10.1145/2786.2793},
 doi = {10.1145/2786.2793},
 acmid = {2793},
 publisher = {ACM},
 address = {New York, NY, USA},
}

@misc { Trevisan,
	author = {Trevisan, Luca},
	title = {CS261: Optimization, Lecture 17},
	year = {2011},
	url = {http://theory.stanford.edu/~trevisan/cs261/lecture17.pdf},
	howpublished = {\url{http://theory.stanford.edu/~trevisan/cs261/lecture17.pdf}}
}